@article{emboss,
  author    = {Peter Rice and Ian Longden and Alan Bleasby},
  title     = {EMBOSS: the European Molecular Biology Open Software Suite},
  journal   = {Trends in Genetics},
  volume    = {16},
  number    = {6},
  year      = {2000},
  pages     = {276--277},
  publisher = {Elsevier}
}

@misc{alv,
  author       = {Bo Wu},
  title        = {ALV: Alignment Viewer},
  howpublished = {\url{https://github.com/hku-bal/alv}},
  note         = {Accessed 2025-04-13},
  year         = {2021}
}

@misc{termal,
  author       = {Thomas Junier},
  title        = {termal: terminal-based MSA viewer},
  howpublished = {\url{https://github.com/youruser/termal}},
  year         = {2025},
  note         = {Accessed 2025-04-13}
}

@misc{alan,
  author       = {Michael Dunne},
  title        = {Alan: A lightweight alignment viewer for the terminal},
  year         = {2020},
  howpublished = {\url{https://github.com/mpdunne/alan}},
  note         = {Accessed 2025-04-13}
}
